<?xml version="1.0" encoding="UTF-8"?><collection xmlns="http://www.loc.gov/MARC21/slim"><record><leader>00576nam--2200169-i-4500</leader><controlfield tag="001">000049157</controlfield><controlfield tag="002">20161230</controlfield><controlfield tag="005">20161230201047</controlfield><controlfield tag="008">060222s1000------------r-----000-0-eng-d</controlfield><datafield ind1=" " ind2=" " tag="040"><subfield code="a">IFIN-HH</subfield></datafield><datafield ind1=" " ind2=" " tag="080"><subfield code="a">535-1(061.3):681.785.5</subfield></datafield><datafield ind1="1" ind2=" " tag="110"><subfield code="a">Bhabha Aromic Research Centre</subfield></datafield><datafield ind1="1" ind2="0" tag="245"><subfield code="a">Proceedings of the symposium on infrared technology and instrumentation</subfield><subfield code="b">Bombay, march 5-7, 1980. organised by electronics &amp; instrumentation committee</subfield></datafield><datafield ind1=" " ind2=" " tag="260"><subfield code="a">Bombay</subfield><subfield code="b">Bhabha Atomic Research Centre</subfield><subfield code="c">1980</subfield></datafield><datafield ind1=" " ind2=" " tag="300"><subfield code="a">VI + 451P</subfield></datafield><datafield ind1=" " ind2=" " tag="852"><subfield code="a">49431</subfield><subfield code="c">535</subfield></datafield><datafield ind1=" " ind2=" " tag="CAT"><subfield code="a">Sys</subfield><subfield code="c">20101124</subfield><subfield code="h">130744</subfield></datafield></record></collection>